@misc{2nm-barrier,
  author       = {Mark Lapedus},
  url = {https://semiengineering.com/breaking-the-2nm-barrier/},
  title        = {Breaking The 2nm Barrier},
  note = {Last accessed 24 April 2023},
  year         = {2021}
}